% Pokud potrebujeme BibTeXu napovedet, kde je nutne zachovat velka a mala 
% pismena, je potreba pouzit slozene zavorky {}. 
% Vetsinou jde o zkratky a vlastnich jmena, ktera nejsou na zacatku nazvu 
% publikace, pripadne o nazvy maker (viz napr. makro \LaTeX).

% Nekdy musime dlouhe URL odkazy zalamovat rucne, jak je ukazano nize.
% Vzdy ale uvedeme, kdy byla stranka naposledy aktualizovana, resp. pokud neni
% uvedeno, datum, kdy jsme udaje z ni nacerpali.

% Oscar Hern√°ndez

@Misc{devices-on-wlan-2017,
	key = "web:devices-on-wlan-2017",
	author = "Statista",
	title = "{N}umber of wireless local area network ({WLAN}) connected devices worldwide from 2016 to 2021 (in billions)",
	howpublished="\url{https://www.statista.com/statistics/802706/world-wlan-connected-device/}",
	note = "22.\,5.\,2018",
}

@Misc{iot-devices,
	key = "web:iot-devices",
	author = "Statista",
	title = "{I}nternet of {T}hings ({I}o{T}) connected devices installed base worldwide from 2015 to 2025 (in billions)",
	howpublished="\url{https://www.statista.com/statistics/471264/iot-number-of-connected-devices-worldwide/}",
	note = "22.\,5.\,2018",
}

@Misc{pubnub-messaging,
	key = "web:pubnub-messaging",
	author = "PubNub",
	title = "{R}ealtime {P}ub/{S}ub {M}essaging",
	howpublished="\url{https://www.pubnub.com/products/realtime-messaging/}",
	note ="5.\,12.\,2017"
}

@Misc{pubnub-catchup,
	key = "web:pubnub-catchup",
	author = "PubNub",
	title = "{C}an I use catchup to retrieve older messages?",
	howpublished = "\url{https://support.pubnub.com/support/solutions/articles/14000043538-can-i-use-catchup-to-retrieve-older-messages-/}",
	note = "5.\,12.\,2017"
}

@Misc{ably-sdk,
	key = "web:ably-sdk",
	author = "Ably",
	title = "{D}ownload",
	howpublished = "\url{https://www.ably.io/download/}",
	note = "3.\,1.\,2018"
}

@Misc{ably-docs,
	key = "web:ably-docs",
	author = "Ably",
	title = "{D}ocumentation",
	howpublished = "\url{https://www.ably.io/documentation/}",
	note = "3.\,1.\,2018"
}

@Misc{ably-history,
	key = "web:ably-history",
	author = "Ably",
	title = "{H}ow long are messages stored for?",
	howpublished = "\url{https://support.ably.io/support/solutions/articles/3000030059-how-long-are-messages-stored-forcumentation/}",
	note = "3.\,1.\,2018"
}

@Misc{ably-bin-enc,
	key = "web:ably-bin-enc",
	author = "Ably",
	title = "{D}o you binary encode your messages for greater efficiency?",
	howpublished = "\url{https://support.ably.io/support/solutions/articles/3000047365-do-you-binary-encode-your-messages-for-greater-efficiency-/}",
	note = "3.\,1.\,2018"
}

@Misc{ably-order,
	key = "web:ably-order",
	author = "Ably",
	title = "{R}eliable message ordering for connected clients",
	howpublished = "\url{https://support.ably.io/support/solutions/articles/3000044641-guaranteed-message-ordering-for-connected-clients/}",
	note = "3.\,1.\,2018"
}

@Misc{ably-adapters,
	key = "web:ably-adapters",
	author = "Ably",
	title = "{A}bly Protocol Adapters",
	howpublished = "\url{https://www.ably.io/adapters/}",
	note = "3.\,1.\,2018"
}

@Misc{onesignal,
	key = "web:onesignal",
	author = "OneSignal",
	title = "{P}roduct Overview",
	howpublished = "\url{https://documentation.onesignal.com/docs/}",
	note = "3.\,1.\,2018"
}

@Misc{onesignal-ttl,
	key = "web:onesignal-ttl",
	author = "OneSignal",
	title = "{S}sending notifications",
	howpublished = "\url{https://documentation.onesignal.com/v3.0/docs/sending-notifications/}",
	note = "8.\,1.\,2018"
}

@Misc{onesignal-https,
	key = "web:onesignal-https",
	author = "OneSignal",
	title = "{S}ecurity",
	howpublished = "\url{https://documentation.onesignal.com/v4.0/docs/security/}",
	note = "8.\,1.\,2018"
}

@Misc{pubnub-goinstant,
	key = "web:pubnub-goinstant",
	author = "PubNub",
	title = "{G}oInstant",
	howpublished = "\url{https://www.pubnub.com/goinstant/}",
	note = "8.\,1.\,2018"
}

@Misc{pusher-libs,
	key = "web:pusher-libs",
	author = "Pusher",
	title = "{L}ibraries",
	howpublished = "\url{https://pusher.com/docs/libraries#rest_libraries/}",
	note = "9.\,1.\,2018"
}

@Misc{pusher-libs2,
	key = "web:pusher-libs2",
	author = "Pusher",
	title = "{C}ommunity libraries",
	howpublished = "\url{https://pusher.com/docs/libraries#community-libraries/}",
	note = "9.\,1.\,2018"
}

@Misc{pusher-query,
	key = "web:pusher-query",
	author = "Pusher",
	title = "{Q}uerying application state",
	howpublished = "\url{https://pusher.com/docs/server_api_guide/interact_rest_api#querying-application-state/}",
	note = "9.\,1.\,2018"
}

@Misc{pubnub-peak,
	key = "web:pubnub-peak",
	author = "PubNub",
	title = "{H}ow are Peak Connections counted?",
	howpublished = "\url{https://support.pubnub.com/support/solutions/articles/14000043668-how-are-peak-connections-counted-/}",
	note = "9.\,1.\,2018"
}

@Misc{ably-peak,
	key = "web:ably-peak",
	author = "Ably",
	title = "{H}ow does Ably count peak connections?",
	howpublished = "\url{https://support.pubnub.com/support/solutions/articles/14000043668-how-are-peak-connections-counted-/}",
	note = "9.\,1.\,2018"
}

@Misc{statista-mobile-share,
	key = "web:statista-mobile-share",
	author = "Gartner",
	title = "{G}lobal mobile OS market share in sales to end users from 1st quarter 2009 to 2nd quarter 2017",
	howpublished = "\url{https://www.statista.com/statistics/266136/global-market-share-held-by-smartphone-operating-systems/}",
	note = "9.\,1.\,2018"
}

@Misc{google-play-fee,
	key = "web:google-play-fee",
	author = "Google",
	title = "{H}ow to use the {P}lay {C}onsole",
	howpublished = "\url{https://support.google.com/googleplay/android-developer/answer/6112435?hl=en/}",
	note = "22.\,5.\,2018"
}

@Misc{apple-dev,
	key = "web:apple-dev",
	author = "Apple",
	title = "{E}nrollment",
	howpublished = "\url{https://developer.apple.com/support/enrollment/}",
	note = "22.\,5.\,2018"
}

@Misc{apple-dev-price,
	key = "web:apple-dev-price",
	author = "Apple",
	title = "{P}urchase and {A}ctivation",
	howpublished = "\url{https://developer.apple.com/support/purchase-activation/}",
	note = "22.\,5.\,2018"
}

@Misc{convention-over-conf,
	key = "web:convention-over-conf",
	author = "Spring",
	title = "{C}onvention over configuration",
	howpublished = "\url{https://docs.spring.io/spring/docs/3.0.0.M3/reference/html/ch16s10.html/}",
	note = "11.\,1.\,2018"
}

@Misc{ioc,
	key = "web:ioc",
	author = "Spring",
	title = "{T}he IoC container",
	howpublished = "\url{https://docs.spring.io/spring/docs/3.2.x/spring-framework-reference/html/beans.html/}",
	note = "11.\,1.\,2018"
}

@Misc{maven-gradle,
	key = "web:maven-gradle",
	author = "Baeldung",
	title = "{B}uild Tools Market Share",
	howpublished = "\url{http://www.baeldung.com/java-in-2017#build/}",
	note = "11.\,1.\,2018"
}

@Misc{maven-vs-gradle,
	key = "web:maven-vs-gradle",
	author = "Gradle",
	title = "{M}aven vs Gradle",
	howpublished = "\url{https://gradle.org/maven-vs-gradle/}",
	note = "11.\,1.\,2018"
}

@Misc{hibernate-orm,
	key = "web:hibernate-orm",
	author = "Hibernate",
	title = "{H}ibernate ORM",
	howpublished = "\url{http://hibernate.org/orm/}",
	note = "14.\,1.\,2018"
}

@Misc{hibernate-ogm,
	key = "web:hibernate-ogm",
	author = "Hibernate",
	title = "{H}ibernate OGM",
	howpublished = "\url{http://hibernate.org/ogm/}",
	note = "14.\,1.\,2018"
}

@Misc{junit,
	key = "web:junit",
	author = "JUnit",
	title = "{JU}nit 5 User Guide",
	howpublished = "\url{http://junit.org/junit5/docs/current/user-guide/}",
	note = "14.\,1.\,2018"
}

@Misc{spock,
	key = "web:spock",
	author = "Spock Framework",
	title = "{S}pock Framework Reference Documentation",
	howpublished = "\url{http://spockframework.org/spock/docs/1.1/all_in_one.html/}",
	note = "14.\,1.\,2018"
}

@Misc{fcm,
	key = "web:fcm",
	author = "Google Firebase",
	title = "{A}bout FCM Messages",
	howpublished = "\url{https://firebase.google.com/docs/cloud-messaging/concept-options/}",
	note = "14.\,1.\,2018"
}

@Misc{fcmJava,
	key = "web:fcmJava",
	author = "bytefish (via GitHub)",
	title = "{A}ny plan to add support for new http v1 api?",
	howpublished = "\url{https://github.com/bytefish/FcmJava/issues/37/}",
	note = "14.\,1.\,2018"
}

@Misc{pushraven-new-api,
	key = "web:pushraven-new-api",
	author = "Raudius (via GitHub)",
	title = "{HTTP} v1 {API}",
	howpublished = "\url{https://github.com/Raudius/Pushraven/commit/ca4356c6fb034042dcd576ac2364c4386a9bfe6f/}",
	note = "14.\,1.\,2018"
}

@Misc{fcm-android-client,
	key = "web:fcm-android-client",
	author = "Google",
	title = "{S}et Up a Firebase Cloud Messaging Client App on Android",
	howpublished = "\url{https://firebase.google.com/docs/cloud-messaging/android/client/}",
	note = "15.\,1.\,2018"
}

@Misc{fcm-ios-client,
	key = "web:fcm-ios-client",
	author = "Google",
	title = "{S}etting Up a Firebase Cloud Messaging Client App on iOS",
	howpublished = "\url{https://firebase.google.com/docs/cloud-messaging/ios/client/}",
	note = "15.\,1.\,2018"
}

@Misc{fcm-web-client,
	key = "web:fcm-web-client",
	author = "Google",
	title = "{S}et Up a Javascript Firebase Cloud Messaging Client App",
	howpublished = "\url{https://firebase.google.com/docs/cloud-messaging/js/client/}",
	note = "15.\,1.\,2018"
}

@Misc{rabbitmq-devtools,
	key = "web:rabbitmq-devtools",
	author = "RabbitMQ",
	title = "{C}lients \& {D}eveloper {T}ools",
	howpublished = "\url{https://www.rabbitmq.com/devtools.html/}",
	note = "22.\,5.\,2018"
}

@Misc{rabbitmq-jms,
	key = "web:rabbitmq-jms",
	author = "RabbitMQ",
	title = "{R}abbit{MQ} {JMS} {C}lient",
	howpublished = "\url{https://www.rabbitmq.com/jms-client.html/}",
	note = "22.\,5.\,2018"
}

@Misc{activemq-devtools,
	key = "web:activemq-devtools",
	author = "Apache ActiveMQ",
	title = "{C}ross {L}anguage {C}lients",
	howpublished = "\url{http://activemq.apache.org/cross-language-clients.html/}",
	note = "22.\,5.\,2018"
}

@Misc{spring-beans,
	key = "web:spring-beans",
	author = "Spring",
	title = "{B}ean overview",
	howpublished = "\url{https://docs.spring.io/spring/docs/current/spring-framework-reference/core.html#beans-definition/}",
	note = "16.\,1.\,2018"
}

@Misc{spring-repos,
	key = "web:spring-repos",
	author = "Spring",
	title = "{W}orking with Spring Data Repositories",
	howpublished = "\url{https://docs.spring.io/spring-data/data-commons/docs/1.6.1.RELEASE/reference/html/repositories.html/}",
	note = "16.\,1.\,2018"
}

@book{fletcher2017spock,
  title={Spock: Up and Running: Writing Expressive Tests in Java and Groovy},
  author={Fletcher, R.},
  isbn={9781491923245},
  url={https://books.google.cz/books?id=m3\_PDgAAQBAJ},
  year={2017},
  publisher={O'Reilly Media}
}

@book{abbott2015art,
  title={The Art of Scalability: Scalable Web Architecture, Processes, and Organizations for the Modern Enterprise},
  author={Abbott, M.L. and Fisher, M.T.},
  isbn={9780134031385},
  url={https://books.google.cz/books?id=H-ykCQAAQBAJ},
  year={2015},
  publisher={Pearson Education}
}

@book{xu2005scalable,
  title={Scalable and Secure Internet Services and Architecture},
  author={Xu, C.Z.},
  isbn={9781420035209},
  lccn={2005283451},
  series={Chapman \& Hall/CRC Computer and Information Science Series},
  url={https://books.google.cz/books?id=QnXLBQAAQBAJ},
  year={2005},
  publisher={CRC Press}
}

@book{gutierrez2017spring,
  title={Spring Boot Messaging: Messaging APIs for Enterprise and Integration Solutions},
  author={Gutierrez, F.},
  isbn={9781484212240},
  url={https://books.google.cz/books?id=CIzLDgAAQBAJ},
  year={2017},
  publisher={Apress}
}

@book{walls2014modular,
  title={Modular Java: Creating Flexible Applications With Osgi and Spring (Pragmatic Programmers)},
  author={Walls, C.},
  isbn={9781503001459},
  url={https://books.google.cz/books?id=4DIfogEACAAJ},
  year={2014},
  publisher={CreateSpace Independent Publishing Platform}
}

@book{stonehem2016google,
  title={Google Android Firebase: Learning the Basics: },
  author={Stonehem, B.},
  isbn={9781535004466},
  series={1},
  url={https://books.google.cz/books?id=JeeODAAAQBAJ},
  year={2016},
  publisher={CreateSpace Independent Publishing Platform}
}

